<record><leader>00000cas a2200000 a 4500</leader><controlfield tag="001">11172993</controlfield><controlfield tag="008">840919d18831884ksuwr ne      0   a0eng d</controlfield><controlfield tag="009">3789</controlfield><datafield ind1=" " ind2=" " tag="010"><subfield code="a">sn 84029631 </subfield></datafield><datafield ind1=" " ind2=" " tag="040"><subfield code="a">KSH</subfield><subfield code="b">eng</subfield><subfield code="c">KSH</subfield><subfield code="d">NPT</subfield><subfield code="d">MGN</subfield><subfield code="d">OCL</subfield></datafield><datafield ind1=" " ind2=" " tag="042"><subfield code="a">msc</subfield></datafield><datafield ind1="0" ind2=" " tag="130"><subfield code="a">Weekly Kansas herald (Lawrence, Kan.)</subfield></datafield><datafield ind1="0" ind2="4" tag="245"><subfield code="a">The weekly Kansas herald.</subfield></datafield><datafield ind1="1" ind2="3" tag="246"><subfield code="a">Kansas herald</subfield><subfield code="b">Dec. 7, 1883-</subfield></datafield><datafield ind1=" " ind2=" " tag="260"><subfield code="a">Lawrence, Kan. :</subfield><subfield code="b">Herald Pub. Co.,</subfield><subfield code="c">1883-</subfield></datafield><datafield ind1=" " ind2=" " tag="300"><subfield code="a">v. ;</subfield><subfield code="c">56 cm.</subfield></datafield><datafield ind1=" " ind2=" " tag="310"><subfield code="a">Weekly</subfield></datafield><datafield ind1="0" ind2=" " tag="362"><subfield code="a">Vol. 1, no. 1 (Nov. 30, 1883)-</subfield></datafield><datafield ind1="1" ind2=" " tag="362"><subfield code="a">Ceased in 1884?</subfield></datafield><datafield ind1=" " ind2=" " tag="500"><subfield code="a">Editor: C. C. Thacker, &lt;1883-1884&gt;.</subfield></datafield><datafield ind1=" " ind2=" " tag="752"><subfield code="a">United States</subfield><subfield code="b">Kansas</subfield><subfield code="c">Douglas</subfield><subfield code="d">Lawrence.</subfield></datafield><datafield ind1="1" ind2=" " tag="775"><subfield code="t">Daily Kansas herald</subfield><subfield code="w">(DLC)sn 84029648</subfield></datafield><datafield ind1="0" ind2="7" tag="785"><subfield code="t">Kansas tribune (Lawrence, Kan. : 1873)</subfield><subfield code="w">(DLC)sn 84029653</subfield></datafield><datafield ind1="0" ind2="7" tag="785"><subfield code="t">Weekly herald and tribune</subfield><subfield code="w">(DLC)sn 84029636</subfield></datafield></record>